%% This BibTeX bibliography file was created using BibDesk.
%% http://bibdesk.sourceforge.net/

%% Created for Risto Atanasov at 2018-12-17 22:44:28 -0500 


%% Saved with string encoding Unicode (UTF-8) 



@article{AFP,
	Author = {R. Atanasov and T. Foguel and A. Penland},
	Date-Added = {2018-12-17 22:23:00 -0500},
	Date-Modified = {2018-12-17 22:44:28 -0500},
	Journal = {Results in Mathematics},
	Number = {1},
	Pages = {185-191},
	Title = {Equal Quasi-Partition of p-groups},
	Volume = {64},
	Year = {2013}}

@article{FR,
	Author = {T. Foguel and M. Regland},
	Date-Added = {2018-12-17 22:18:17 -0500},
	Date-Modified = {2018-12-17 22:42:16 -0500},
	Journal = {Contemorary Mathematics: Computational Group Theory and the Theory of Groups},
	Pages = {75-88},
	Title = {Groups with a finite covering by isomorphic abelian subgroups},
	Volume = {470 },
	Year = {2008}}

@article{GAP,
	Author = {The GAP Group},
	Date-Added = {2011-08-23 12:04:10 -0400},
	Date-Modified = {2011-08-23 12:12:37 -0400},
	Journal = {\verb+(http://www.gap-system.org)+},
	Title = {GAP -- Groups, Algorithms, and Programming},
	Volume = {Version 4.4},
	Year = {2002}}

@article{Bi,
	Author = {Mauro Bilott},
	Date-Added = {2011-08-23 12:01:44 -0400},
	Date-Modified = {2011-08-23 12:03:02 -0400},
	Journal = {Annals of Discrete Mathematics},
	Pages = {69-84},
	Title = {S-Partitions of Groups and Steiner Systems},
	Volume = {30},
	Year = {1986}}

@article{Ke,
	Author = {O. H. Kegel},
	Date-Added = {2011-06-09 08:41:04 -0400},
	Date-Modified = {2011-06-09 08:42:06 -0400},
	Journal = {Arch. Math.},
	Pages = {170-175},
	Title = {Nicht-einfache Partitionen endlicher Gruppen},
	Volume = {12},
	Year = {1961}}

@article{Mi,
	Author = {G. A. Miller},
	Date-Added = {2011-06-09 08:32:14 -0400},
	Date-Modified = {2011-06-09 08:46:01 -0400},
	Journal = {Bull. Amer. Math. Soc.},
	Pages = {446-449},
	Title = {Groups in which all the operators are contained in a series of subgroups such that any two have only identity in commun},
	Volume = {17},
	Year = {1906/1907}}

@article{Ne2,
	Author = {B.H. Neumann},
	Date-Added = {2011-06-07 14:56:38 -0400},
	Date-Modified = {2011-06-07 14:58:06 -0400},
	Journal = {J. London Math. Soc.},
	Pages = {236-248},
	Title = {Groups covered by permutable subsets},
	Volume = {29},
	Year = {1954}}

@article{Ne,
	Author = {B.H. Neumann},
	Date-Added = {2011-06-07 14:54:59 -0400},
	Date-Modified = {2011-06-07 14:56:35 -0400},
	Journal = {Publ. Math. Debrecen},
	Pages = {227-242},
	Title = {Groups covered by finitely many cosets},
	Volume = {3},
	Year = {1954}}

@article{Ba,
	Author = {R. Baer},
	Date-Added = {2011-06-07 13:58:52 -0400},
	Date-Modified = {2011-06-07 14:00:18 -0400},
	Journal = {Math. Z.},
	Pages = {333-372},
	Title = {Partitionen endlicher Gruppen},
	Volume = {75},
	Year = {1960/1961}}

@article{Za2,
	Author = {G. Zappa},
	Date-Added = {2011-06-07 13:54:46 -0400},
	Date-Modified = {2011-06-07 13:56:06 -0400},
	Journal = {Illinois Journal of Mathematics},
	Number = {1/2},
	Pages = {571/580},
	Title = {Partitions and other coverings of finite groups},
	Volume = {47},
	Year = {2003}}

@article{Za1,
	Author = {G. Zappa},
	Date-Added = {2011-06-07 13:52:12 -0400},
	Date-Modified = {2011-06-07 13:53:58 -0400},
	Journal = {Ann. Mat. Pura Appl.},
	Number = {4},
	Pages = {1-14},
	Title = {Sulle S-partizioni di un gruppo fnito},
	Volume = {74},
	Year = {1966}}

@article{Su,
	Author = {M. Suzuki},
	Date-Added = {2011-06-07 13:49:58 -0400},
	Date-Modified = {2011-06-07 13:52:10 -0400},
	Journal = {Arch. Math.},
	Pages = {241-274},
	Title = {On a nite group with a partition},
	Volume = {12},
	Year = {1961}}

@article{Is,
	Author = {I. M. Isaacs},
	Date-Added = {2011-06-07 13:46:55 -0400},
	Date-Modified = {2011-06-07 14:40:47 -0400},
	Journal = {Paci c J. Math.},
	Pages = {109-116},
	Title = {Equally partioned groups},
	Volume = {49},
	Year = {1973}}

@article{Al,
	Author = {J. L. Alperin},
	Date-Added = {2011-03-09 10:17:29 -0500},
	Date-Modified = {2011-03-09 10:22:20 -0500},
	Journal = {Trans. Amer. Math. Soc.},
	Pages = {10-20},
	Title = {Large Abelian Subgroups of p-Groups},
	Volume = {117},
	Year = {1965}}

@article{Schneps,
	Author = {L. Schneps},
	Date-Added = {2010-10-25 00:38:22 -0400},
	Date-Modified = {2010-10-25 00:39:59 -0400},
	Journal = {Communications in Algebra},
	Number = {5},
	Pages = {1603-1609},
	Title = {On Reduction of $p$-Groups},
	Volume = {21},
	Year = {1993}}

@article{Nilpotent,
	Author = {J. Pakianathan and K. Shankar},
	Date-Added = {2010-08-30 22:56:46 -0400},
	Date-Modified = {2010-08-30 22:59:04 -0400},
	Journal = {The American Mathematical Monthly},
	Number = {7},
	Pages = {631-634},
	Title = {Nilpotent Numbers},
	Volume = {107},
	Year = {2000}}

@article{Ta,
	Author = {D.R. Taunt},
	Date-Added = {2010-08-30 22:49:54 -0400},
	Date-Modified = {2010-08-30 22:51:19 -0400},
	Journal = {Proc. Cambridge Phil. Soc.},
	Pages = {24-42},
	Title = {On A-groups},
	Volume = {45},
	Year = {1949}}

@book{Ro1,
	Author = {D.J.S. Robinson},
	Date-Added = {2010-08-30 22:48:32 -0400},
	Date-Modified = {2010-08-30 22:49:49 -0400},
	Publisher = {Springer-Verlag},
	Title = {A Course in the Theory of Groups},
	Year = {1996}}

@article{Ha,
	Author = {P. Hall},
	Date-Modified = {2010-09-09 16:17:05 -0400},
	Fjournal = {The Fibonacci Quarterly. The Official Journal of the Fibonacci Association},
	Journal = {J. Reine Angew. Math.},
	Number = {5},
	Pages = {106-214},
	Title = {The Construction of Solvable Groups},
	Volume = {182},
	Year = {1940}}

@article{KL,
	Address = {New York},
	Author = {G. Kaplan and D. Levy},
	Date-Modified = {2010-08-30 22:56:43 -0400},
	Journal = {Communications in Algebra},
	Number = {6},
	Pages = {1873-1883},
	Publisher = {Springer-Verlag},
	Series = {Undergraduate Texts in Mathematics},
	Title = {Solitary Subgroups},
	Volume = {37},
	Year = {2009}}

@inproceedings{Se,
	Author = {L. Serena},
	Booktitle = {Advances in Group Theory 2002},
	City = {Rome},
	Pages = {173-198},
	Publisher = {Aracne},
	Title = {On finite covers of groups by subgroups},
	Year = {2003}}

@inproceedings{Ka,
	Author = {L. Kappe and J. Redden},
	Booktitle = {Computational Group Theory and The Theory of Groups},
	Editor = {L. Kappe, A. Magidin and R. Morse},
	Publisher = {American Mathematical Society},
	Title = {On the Covering Number of Small Alternating Groups},
	Volume = {2},
	Year = {2010}}

@article{Tomkinson,
	Author = {M.J. Tomkinson},
	Journal = {Mathematica Scandinavica},
	Pages = {191-198},
	Title = {Groups as the Union of Proper Subgroups},
	Volume = {81},
	Year = {1997}}

@article{Cohn,
	Author = {J.H.E. Cohn},
	Journal = {Mathematica Scandinavia},
	Pages = {44-58},
	Title = {On n-sum groups},
	Volume = {75},
	Year = {1994}}

@article{AtMost25,
	Author = {M. Garonzi},
	Journal = {Journal of Algebra},
	Note = {To appear},
	Title = {Finite Groups That Are the Union of At Most 25 Proper Subgroups},
	Year = {2010}}

@mastersthesis{Penland,
	Author = {A. D. Penland},
	School = {Western Carolina University},
	Title = {Group Covers with Specified Pairwise Intersection},
	Year = {2011}}

@book{Dummit-Foote,
	Author = {D. S. Dummit and  R. M. Foote},
	Date-Modified = {2018-12-17 22:43:19 -0500},
	Edition = {Third Edition},
	Publisher = {John Wiley \& Sons},
	Title = {Abstract Algebra},
	Year = {2004}}
